% Stop bibtex from complaining about an empty note for unpublished
% Work around explained here: https://tex.stackexchange.com/questions/40189/stop-bibtex-from-complaining-about-an-empty-note
@preamble{ " \newcommand{\noop}[1]{} " }

@inproceedings{ordered-rw-confluence,
author = {Martin, Ursula and Nipkow, Tobias},
title = {Ordered rewriting and confluence},
year = {1990},
isbn = {0387528857},
publisher = {Springer-Verlag},
address = {Berlin, Heidelberg},
booktitle = {Proceedings of the Tenth International Conference on Automated Deduction},
pages = {366–380},
numpages = {15},
location = {Kaiserslautern, Germany},
series = {CADE-10}
}

@InProceedings{ring-coq,
author="Gr{\'e}goire, Benjamin
and Mahboubi, Assia",
editor="Hurd, Joe
and Melham, Tom",
title="Proving Equalities in a Commutative Ring Done Right in Coq",
booktitle="Theorem Proving in Higher Order Logics",
year="2005",
publisher="Springer Berlin Heidelberg",
address="Berlin, Heidelberg",
pages="98--113",
isbn="978-3-540-31820-0"
}

@InProceedings{reflection-origin-coq,
author="Boutin, Samuel",
editor="Abadi, Mart{\'i}n
and Ito, Takayasu",
title="Using reflection to build efficient and certified decision procedures",
booktitle="Theoretical Aspects of Computer Software",
year="1997",
publisher="Springer Berlin Heidelberg",
address="Berlin, Heidelberg",
pages="515--529",
isbn="978-3-540-69530-1"
}

@InProceedings{blanqui:universe,
  author =	{Blanqui, Fr\'{e}d\'{e}ric},
  title =	{{Encoding Type Universes Without Using Matching Modulo Associativity and Commutativity}},
  booktitle =	{7th International Conference on Formal Structures for Computation and Deduction (FSCD 2022)},
  pages =	{24:1--24:14},
  series =	{Leibniz International Proceedings in Informatics (LIPIcs)},
  ISBN =	{978-3-95977-233-4},
  ISSN =	{1868-8969},
  year =	{2022},
  volume =	{228},
  editor =	{Felty, Amy P.},
  publisher =	{Schloss Dagstuhl -- Leibniz-Zentrum f{\"u}r Informatik},
  address =	{Dagstuhl, Germany},
  doi =		{10.4230/LIPIcs.FSCD.2022.24},
}

@inproceedings{carcara,
author = {Andreotti, Bruno and Lachnitt, Hanna and Barbosa, Haniel},
title = {Carcara: An Efficient Proof Checker and Elaborator for {SMT} Proofs in the {Alethe} Format},
year = {2023},
isbn = {978-3-031-30822-2},
publisher = {Springer-Verlag},
booktitle = {Tools and Algorithms for the Construction and Analysis of Systems: 29th International Conference, TACAS 2023},
pages = {367–386},
numpages = {20},
location = {Paris, France},
address="Cham",
}

@inproceedings{micromega,
author="Besson, Fr{\'e}d{\'e}ric",
title="Fast Reflexive Arithmetic Tactics the Linear Case and Beyond",
booktitle="Intl. Workshop Types for Proofs and Programs (TYPES 2006)",
year="2006",
publisher="Springer",
editor = "Thorsten Altenkirch and Conor McBride",
series = "LNCS",
pages = "48-62",
address="Berlin, Heidelberg",
}

@inproceedings{omegatest,
  author={Pugh, William},
  booktitle={Supercomputing '91:Proceedings of the 1991 ACM/IEEE Conference on Supercomputing}, 
  title={The Omega test: A fast and practical integer programming algorithm for dependence analysis}, 
  year={1991},
  volume={},
  number={},
  pages={4-13},
  keywords={Testing;Linear programming;Algorithm design and analysis;Production;Polynomials;Vectors;Workstations;NP-complete problem;Software tools},
  }


@article{alethe,
author = {Schurr, Hans-Jörg and Fleury, Mathias and Barbosa, Haniel and Fontaine, Pascal},
year = {2021},
month = {07},
pages = {49-54},
title = {Alethe: Towards a Generic SMT Proof Format (extended abstract)},
volume = {336},
journal = {Electronic Proceedings in Theoretical Computer Science},
}

@article{utheory,
  TITLE = {{A modular construction of type theories}},
  AUTHOR = {Frédéric Blanqui and Gilles Dowek and Emilie Grienenberger and Gabriel Hondet and François Thiré},
  DOI = {10.46298/lmcs-19(1:12)2023},
  JOURNAL = {{Logical Methods in Computer Science}},
  VOLUME = {{Volume 19, Issue 1}},
  YEAR = {2023},
}

@inproceedings{CSI,
  author       = {Harald Zankl and Bertram Felgenhauer and Aart Middeldorp},
  editor       = {Nikolaj S. Bj{\o}rner and Viorica Sofronie{-}Stokkermans},
  title        = {{CSI} - {A} Confluence Tool},
  booktitle    = {23rd Intl. Conf. Automated Deduction (CADE-23)},
  address      = {Wroclaw, Poland},
  series       = {LNCS},
  volume       = {6803},
  pages        = {499--505},
  publisher    = {Springer},
  year         = {2011},
}

@article{bugsmt,
author = {Brummayer, Robert and Biere, Armin},
title = {Fuzzing and delta-debugging {SMT} solvers},
year = {2009},
booktitle = {Proceedings of the 7th International Workshop on Satisfiability Modulo Theories},
series = {SMT '09}
}

@misc{alethespec,
	title = {The {Alethe} {Proof} {Format} {An} {Evolving} {Specification} and {Reference}},
	shorttitle = {The {Alethe} {Proof} {Format}},
	note = {\url{https://verit.gitlabpages.uliege.be/alethe/specification.pdf}},
	author = {Barbosa, Haniel and Fleury, Mathias and Fontaine, Pascal and Schurr, Hans-Jörg},
	month = mar,
	year = {2024},
}

@techreport{smtlib,
  author =	 {Clark Barrett and Pascal Fontaine and Cesare Tinelli},
  title =	 {{The SMT-LIB Standard: Version 2.6}},
  institution =	 {Department of Computer Science, The University of Iowa},
  year =	 {2017--2024},
  note =	 {Available at {\tt www.SMT-LIB.org}},
  URL = {https://smt-lib.org/papers/smt-lib-reference-v2.6-r2024-09-20.pdf}
}

@InProceedings{lambdapi,
author="Cousineau, Denis
and Dowek, Gilles",
title="Embedding Pure Type Systems in the {Lambda-Pi-Calculus Modulo}",
booktitle="Typed Lambda Calculi and Applications",
year="2007",
publisher="Springer",
address="Berlin, Heidelberg",
pages="102--117",
}

@inproceedings{ColtellacciMD24,
  author       = {Alessio Coltellacci and
                  Stephan Merz and
                  Gilles Dowek},
  title        = {Reconstruction of {SMT} Proofs with {Lambdapi}},
  booktitle    = {Proc. 22nd Intl. Wsh. Satisfiability Modulo
                  Theories co-located with the 36th Intl. Conf. Computer
                  Aided Verification ({CAV} 2024)},
  address      = {Montreal, Canada},
  series       = {{CEUR} Workshop Proceedings},
  volume       = {3725},
  pages        = {13--23},
  publisher    = {CEUR-WS.org},
  year         = {2024},
}

@article{utheory,
  TITLE = {{A modular construction of type theories}},
  AUTHOR = {Frédéric Blanqui and Gilles Dowek and Emilie Grienenberger and Gabriel Hondet and François Thiré},
  DOI = {10.46298/lmcs-19(1:12)2023},
  JOURNAL = {{Logical Methods in Computer Science}},
  VOLUME = {{Volume 19, Issue 1}},
  YEAR = {2023},
}

@article{lf,
  title={A framework for defining logics},
  author={Robert Harper and Furio Honsell and Gordon D. Plotkin},
  journal={J. ACM},
  year={1993},
  volume={40},
  pages={143-184},
  url={https://api.semanticscholar.org/CorpusID:13375103}
}

@InProceedings{blanqui:LIPIcs.FSCD.2020.13,
  author =	{Blanqui, Fr\'{e}d\'{e}ric},
  title =	{{Type Safety of Rewrite Rules in Dependent Types}},
  booktitle =	{5th International Conference on Formal Structures for Computation and Deduction (FSCD 2020)},
  pages =	{13:1--13:14},
  series =	{Leibniz International Proceedings in Informatics (LIPIcs)},
  year =	{2020},
  volume =	{167},
}

@InProceedings{blanqui:LPAR,
  author =	{Blanqui, Fr\'{e}d\'{e}ric},
  title =	{{Translating HOL-Light proofs to Coq}},
  booktitle = {25rd Intl. Conf. Logic for Programming, Artificial Intelligence and Reasoning (LPAR-25)},
  year =	{2024},
  address = "Mauritius",
  publisher = "EPiC Series in Computing",
  pages = "18 pages",
}

@unpublished{intuitype,
	author = {Per Martin{-}L\"{o}f},
	title = {Intuitionistic Type Theory},
	year = {1980},
  note = {\noop{}}
}

@book{Schrijver:lia,
author = {Schrijver, Alexander},
title = {Theory of linear and integer programming},
year = {1986},
isbn = {0471908541},
publisher = {John Wiley \& Sons, Inc.},
address = {USA}
}

@misc{dowek:classical,
      title={On the definition of the classical connectives and quantifiers}, 
      author={Gilles Dowek},
      year={2016},
      eprint={1601.01782},
}

@InProceedings{trs-rational,
author="Contejean, Evelyne
and March{\'e}, Claude
and Rabehasaina, Landy",
title="Rewrite systems for natural, integral, and rational arithmetic",
booktitle="Rewriting Techniques and Applications",
year="1997",
publisher="Springer Berlin Heidelberg",
address="Berlin, Heidelberg",
pages="98--112",
}

@INPROCEEDINGS{rare,
  author={Nötzli, Andres and Barbosa, Haniel and Niemetz, Aina and Preiner, Mathias and Reynolds, Andrew and Barrett, Clark and Tinelli, Cesare},
  booktitle={FMCAD 2022}, 
  title={Reconstructing Fine-Grained Proofs of Rewrites Using a Domain-Specific Language}, 
  pages={65-74},
 year={2022},
  doi={10.34727/2022/isbn.978-3-85448-053-2_12}
}

% https://github.com/rocq-prover/rocq/issues/5766
@misc{Rocq-refman,
  title = "The {Rocq} Reference Manual -- Release 9.0.0",
  author = "{The Rocq Development Team}",
  year = "2025",
  howpublished = "\url{https://rocq-prover.org/doc/V9.0.0/refman/index.html}"
}

@InProceedings{aprove,
author="Giesl, J{\"u}rgen
and Brockschmidt, Marc
and Emmes, Fabian
and Frohn, Florian
and Fuhs, Carsten
and Otto, Carsten
and Pl{\"u}cker, Martin
and Schneider-Kamp, Peter
and Str{\"o}der, Thomas
and Swiderski, Stephanie
and Thiemann, Ren{\'e}",
title="Proving Termination of Programs Automatically with AProVE",
booktitle="Automated Reasoning",
year="2014",
publisher="Springer International Publishing",
address="Cham",
pages="184--191",
}

@InProceedings{univAC,
  author =	{Blanqui, Fr\'{e}d\'{e}ric},
  title =	{{Encoding Type Universes Without Using Matching Modulo Associativity and Commutativity}},
  booktitle =	{7th International Conference on Formal Structures for Computation and Deduction (FSCD 2022)},
  pages =	{24:1--24:14},
  series =	{Leibniz International Proceedings in Informatics (LIPIcs)},
  year =	{2022},
  volume =	{228},
  editor =	{Felty, Amy P.},
}

@InProceedings{ACorigin,
author="Blanqui, Fr{\'e}d{\'e}ric
and Hardin, Th{\'e}r{\`e}se
and Weis, Pierre",
editor="De Nicola, Rocco",
title="On the Implementation of Construction Functions for Non-free Concrete Data Types",
booktitle="Programming Languages and Systems",
year="2007",
publisher="Springer Berlin Heidelberg",
pages="95--109",
address="Berlin, Heidelberg",
}

@misc{catalogue-canonical,
  author = {Jean-Marie Hullot},
  title = {A catalogue of canonical term rewriting systems},
  year = {1980},
  url = {https://apps.dtic.mil/sti/tr/pdf/ADA087641.pdf},
  note = {DTIC Report Number ADA087641}
}


@misc{kirchner_rsp,
  author       = {Hélène Kirchner},
  title        = {Rewriting Systems and Proofs},
  howpublished = {\url{https://wiki.bordeaux.inria.fr/Helene-Kirchner/lib/exe/fetch.php?media=wiki:rsp.pdf}},
  note         = {Accessed: 2025-04-30},
  year         = {n.d.}
}


@article{matching-mod-AC,
author = {Peterson, Gerald E. and Stickel, Mark E.},
title = {Complete Sets of Reductions for Some Equational Theories},
year = {1981},
issue_date = {April 1981},
publisher = {Association for Computing Machinery},
address = {New York, NY, USA},
volume = {28},
number = {2},
issn = {0004-5411},
journal = {J. ACM},
month = apr,
pages = {233–264}
}


@InProceedings{ac-modulo-np-complete,
author="Kapur, Deepak
and Narendran, Paliath",
title="NP-completeness of the set unification and matching problems",
booktitle="8th International Conference on Automated Deduction",
year="1986",
publisher="Springer Berlin Heidelberg",
address="Berlin, Heidelberg",
pages="489--495",
}

@techreport{SRI:simplex:dpllt,
  author = {Bruno Dutertre and Leonardo de Moura},
  title = {Integrating Simplex with DPLL(T)},
  institution = {SRI International},
  year = {2006},
  number = {CSL-06-01},
  month = {May},
  url = {https://yices.csl.sri.com/papers/sri-csl-06-01.pdf}
}